<record><leader>00000cas a2200000 a 4500</leader><controlfield tag="001">13222811</controlfield><controlfield tag="008">860303c19uu9999ncuwr ne      0   a0eng d</controlfield><datafield ind1=" " ind2=" " tag="010"><subfield code="a">sn 96086018 </subfield></datafield><datafield ind1=" " ind2=" " tag="040"><subfield code="a">NCS</subfield><subfield code="b">eng</subfield><subfield code="c">NCS</subfield><subfield code="d">NVJ</subfield><subfield code="d">OCL</subfield><subfield code="d">OCLCQ</subfield></datafield><datafield ind1=" " ind2=" " tag="032"><subfield code="a">361140</subfield><subfield code="b">USPS</subfield></datafield><datafield ind1=" " ind2=" " tag="042"><subfield code="a">msc</subfield></datafield><datafield ind1="0" ind2=" " tag="130"><subfield code="a">Montgomery herald (Troy, N.C.)</subfield></datafield><datafield ind1="1" ind2="0" tag="245"><subfield code="a">Montgomery herald.</subfield></datafield><datafield ind1="1" ind2="3" tag="246"><subfield code="a">Herald and Montgomerian</subfield><subfield code="f">&lt;1942-1950&gt;</subfield></datafield><datafield ind1=" " ind2=" " tag="260"><subfield code="a">Troy, N.C. :</subfield><subfield code="b">Charlie Manning</subfield></datafield><datafield ind1=" " ind2=" " tag="300"><subfield code="a">v. :</subfield><subfield code="b">ill. ;</subfield><subfield code="c">58 cm.</subfield></datafield><datafield ind1=" " ind2=" " tag="310"><subfield code="a">Weekly</subfield></datafield><datafield ind1=" " ind2=" " tag="500"><subfield code="a">Published as: Montgomery herald and Montgomerian, for Golden jubilee expansion ed., April 30, 1942.</subfield></datafield><datafield ind1=" " ind2=" " tag="500"><subfield code="a">Democratic.</subfield></datafield><datafield ind1=" " ind2=" " tag="588"><subfield code="a">Description based on: Vol. 49, no. 51 (Apr. 23, 1942).</subfield></datafield><datafield ind1=" " ind2=" " tag="752"><subfield code="a">United States</subfield><subfield code="b">North Carolina</subfield><subfield code="c">Montgomery</subfield><subfield code="d">Troy.</subfield></datafield><datafield ind1="0" ind2="0" tag="780"><subfield code="t">Montgomery herald and Montgomerian</subfield><subfield code="w">(DLC)sn 92074100</subfield></datafield><datafield ind1=" " ind2=" " tag="936"><subfield code="a">Oct. 3, 1985</subfield></datafield><datafield ind1="1" ind2=" " tag="029"><subfield code="a">AU@</subfield><subfield code="b">000012845304</subfield></datafield></record>